<?xml version="1.0" encoding="UTF-8"?><collection xmlns="http://www.loc.gov/MARC21/slim"><record><leader>00337nam--2200133-i-4500</leader><controlfield tag="001">000026801</controlfield><controlfield tag="002">20161230</controlfield><controlfield tag="005">20161230201036</controlfield><controlfield tag="008">060222s1000------------r-----000-0-eng-d</controlfield><datafield ind1=" " ind2=" " tag="080"><subfield code="a">5:007</subfield></datafield><datafield ind1=" " ind2=" " tag="100"><subfield code="a">Klir, George J</subfield></datafield><datafield ind1=" " ind2=" " tag="245"><subfield code="a">Architecture of systems problem solving</subfield></datafield><datafield ind1=" " ind2=" " tag="260"><subfield code="a">New York, Plenum Press, 1985, Xvi + 539p</subfield></datafield><datafield ind1=" " ind2=" " tag="852"><subfield code="a">73936</subfield></datafield></record></collection>